<?xml version="1.0" encoding="UTF-8"?>
<record xmlns="http://www.loc.gov/MARC21/slim" xmlns:xsi="http://www.w3.org/2001/XMLSchema-instance" xsi:schemaLocation="http://www.loc.gov/MARC21/slim http://www.loc.gov/standards/marcxml/schema/MARC21slim.xsd">
<leader>00000cam a22      a 4500</leader>
<controlfield tag="001">001696982</controlfield>
<controlfield tag="003">NNU</controlfield>
<controlfield tag="005">20160122171807.0</controlfield>
<controlfield tag="008">010125s1915    ua a          000 0 ara d</controlfield>
<datafield tag="035" ind1=" " ind2=" ">
<subfield code="a">(OCoLC)122990751</subfield>
</datafield>
<datafield tag="040" ind1=" " ind2=" ">
<subfield code="a">NjP</subfield>
<subfield code="b">eng</subfield>
<subfield code="c">ZYU</subfield>
<subfield code="d">OCLCG</subfield>
<subfield code="d">N15</subfield>
<subfield code="d">OCLCF</subfield>
<subfield code="d">OCLCQ</subfield>
</datafield>
<datafield tag="050" ind1=" " ind2="4">
<subfield code="a">DT107.7</subfield>
<subfield code="b">.Q8 1915</subfield>
</datafield>
<datafield tag="100" ind1="1" ind2=" ">
<subfield code="6">880-01</subfield>
<subfield code="a">Qubʻayn, Salīm.</subfield>
</datafield>
<datafield tag="245" ind1="1" ind2="3">
<subfield code="6">880-02</subfield>
<subfield code="a">al-Laʼliʼ al-sanīyah fī al-tahānī fī al-sulṭānīyah /</subfield>
<subfield code="c">waḍaʻahu Salīm Qubʻayn.</subfield>
</datafield>
<datafield tag="260" ind1=" " ind2=" ">
<subfield code="a">[Place of publication not identified] :</subfield>
<subfield code="b">[publisher not identified],</subfield>
<subfield code="c">1915.</subfield>
</datafield>
<datafield tag="300" ind1=" " ind2=" ">
<subfield code="a">120 pages :</subfield>
<subfield code="b">illustrations ;</subfield>
<subfield code="c">24 cm</subfield>
</datafield>
<datafield tag="336" ind1=" " ind2=" ">
<subfield code="a">text</subfield>
<subfield code="b">txt</subfield>
<subfield code="2">rdacontent</subfield>
</datafield>
<datafield tag="337" ind1=" " ind2=" ">
<subfield code="a">unmediated</subfield>
<subfield code="b">n</subfield>
<subfield code="2">rdamedia</subfield>
</datafield>
<datafield tag="338" ind1=" " ind2=" ">
<subfield code="a">volume</subfield>
<subfield code="b">nc</subfield>
<subfield code="2">rdacarrier</subfield>
</datafield>
<datafield tag="600" ind1="0" ind2="0">
<subfield code="6">880-03</subfield>
<subfield code="a">Ḥusayn Kāmil,</subfield>
<subfield code="c">Sultan of Egypt,</subfield>
<subfield code="d">1853-1917.</subfield>
</datafield>
<datafield tag="600" ind1="0" ind2="7">
<subfield code="a">Ḥusayn Kāmil,</subfield>
<subfield code="c">Sultan of Egypt,</subfield>
<subfield code="d">1853-1917.</subfield>
<subfield code="2">fast</subfield>
<subfield code="0">(OCoLC)fst01512017</subfield>
</datafield>
<datafield tag="880" ind1="1" ind2=" ">
<subfield code="6">100-01/</subfield>
<subfield code="a">قبعين، سليم.</subfield>
</datafield>
<datafield tag="880" ind1="1" ind2="0">
<subfield code="6">245-02/</subfield>
<subfield code="a">اللالئ السنية فى التهانى السلطانية /</subfield>
<subfield code="c">وضعة سليم قبعين.</subfield>
</datafield>
<datafield tag="880" ind1="0" ind2="4">
<subfield code="6">600-03/</subfield>
<subfield code="a">حسين كامل،</subfield>
<subfield code="c">Sultan of Egypt,</subfield>
<subfield code="d">1853-1917.</subfield>
</datafield>
<datafield tag="OWN" ind1=" " ind2=" ">
<subfield code="a">GENERAL</subfield>
</datafield>
<datafield tag="AVA" ind1=" " ind2=" ">
<subfield code="a">NYU50</subfield>
<subfield code="b">BOBST</subfield>
<subfield code="c">Main Collection</subfield>
<subfield code="d">DT107.7 .Q8</subfield>
<subfield code="e">unavailable</subfield>
<subfield code="t">Unavailable</subfield>
<subfield code="f">1</subfield>
<subfield code="g">1</subfield>
<subfield code="h">N</subfield>
<subfield code="i">0</subfield>
<subfield code="j">MAIN</subfield>
<subfield code="k">0</subfield>
</datafield>
</record>
